@online{stackify,
  author = {Stackify},
  title = {What Is {F}unction-as-a-{S}ervice? {S}erverless {A}rchitectures {A}re {H}ere!},
  url = {https://stackify.com/function-as-a-service-serverless-architecture/},
  organization = {Stackify},
  date = {15},
  month = {May},
  year = {2017},
  urldate = {March 27, 2018},
}

@InProceedings{kanso,
  title={Serverless: beyond the cloud},
  author={Kanso, Ali and Youssef, Alaa},
  booktitle={Proceedings of the 2nd International Workshop on Serverless Computing},
  pages={6--10},
  year={2017},
  organization={ACM}
}

@online{awsLambda,
  author = {AWS},
  title = {AWS {L}ambda},
  url = {https://aws.amazon.com/lambda/},
  organization = {AWS},
  year = {2018},
  urldate = {March 27, 2018},
}


@online{awsApiGateway,
  author = {AWS},
  title = {Amazon {API} {G}ateway},
  url = {https://aws.amazon.com/api-gateway/},
  organization = {AWS},
  year = {2018},
  urldate = {March 27, 2018},
}


@online{awsCognito,
  author = {AWS},
  title = {Amazon Cognito},
  url = {https://aws.amazon.com/cognito/},
  organization = {AWS},
  year = {2018},
  urldate = {March 27, 2018},
}

@online{awsWebHosting,
  author = {AWS},
  title = {Static Web Hosting},
  url = {https://aws.amazon.com/websites/},
  organization = {AWS},
  year = {2018},
  urldate = {March 27, 2018},
}

@online{awsAppClient,
  author = {AWS},
  title = {Configuring a User Pool App Client},
  url = {https://docs.aws.amazon.com/cognito/latest/developerguide/user-pool-settings-client-apps.html},
  organization = {AWS},
  year = {2018},
  urldate = {April 11, 2018},
}

@online{awsLambdaPermission,
  author = {AWS},
  title = {AWS {L}ambda {P}ermissions {M}odel},
  url = {https://docs.aws.amazon.com/lambda/latest/dg/intro-permission-model.html},
  organization = {AWS},
  year = {2018},
  urldate = {April 11, 2018},
}

@online{mozilla,	
  author = {Mozilla},
  title = {Cross-Origin Resource Sharing ({CORS})},
  url = {https://developer.mozilla.org/en-US/docs/Web/HTTP/CORS},
  date = {15},
  month = {11},
  year = {2017},
  urldate = {April 11, 2018},
}
